@article{kagan2024,
  title = {Automatic Large Scale Detection of Red Palm Weevil Infestation Using Street View Images},
  author = {Kagan, Dima and Fuhrmann Alpert, Galit and Fire, Michael},
  year = {2021},
  month = dec,
  journal = {ISPRS Journal of Photogrammetry and Remote Sensing},
  volume = {182},
  pages = {122--133},
  issn = {09242716},
  doi = {10.1016/j.isprsjprs.2021.10.004},
  urldate = {2024-11-21},
  langid = {english},
  keywords = {ai-computer-vision,readed},
  file = {G:\Mi unidad\Libros\Papers\Kagan et al. - 2021 - Automatic large scale detection of red palm weevil infestation using street view images.pdf}
}

@article{delalieux2023,
  author  = {Delalieux, Stephanie and Hardy, Tom and Ferry, Michel and Gomez, Susi and Kooistra, Lammert and Culman, Maria and Tits, Laurent},
  year    = {2023},
  month   = {02},
  pages   = {1380},
  title   = {Red Palm Weevil Detection in Date Palm Using Temporal UAV Imagery},
  volume  = {15},
  journal = {Remote Sensing},
  doi     = {10.3390/rs15051380}
}

@article{SRSTemplateIEE,
  author   = {IEEE},
  journal  = {IEEE Std 830-1984},
  title    = {IEEE Guide for Software Requirements Specifications},
  year     = {1984},
  volume   = {},
  number   = {},
  pages    = {1-26},
  keywords = {Software engineering;System analysis and design;software;requirements;specifications},
  doi      = {10.1109/IEEESTD.1984.119205}
}

@book{moscowMethod,
  author    = {Clegg, Dai and Barker, Richard},
  title     = {Case Method Fast-Track: A Rad Approach},
  year      = {1994},
  isbn      = {020162432X},
  publisher = {Addison-Wesley Longman Publishing Co., Inc.},
  address   = {USA}
}

